<record><leader>00000cas a22000007a 4500</leader><controlfield tag="001">18652579</controlfield><controlfield tag="008">881021d19401968mduwr ne      0    0eng d</controlfield><datafield ind1=" " ind2=" " tag="010"><subfield code="a">sn 88065128 </subfield></datafield><datafield ind1=" " ind2=" " tag="040"><subfield code="a">MFN</subfield><subfield code="b">eng</subfield><subfield code="c">MFN</subfield><subfield code="d">OCLCQ</subfield></datafield><datafield ind1=" " ind2=" " tag="042"><subfield code="a">msc</subfield></datafield><datafield ind1="0" ind2="0" tag="245"><subfield code="a">Herald argus and Baltimore countian.</subfield></datafield><datafield ind1="1" ind2="7" tag="246"><subfield code="a">Herald argus</subfield></datafield><datafield ind1=" " ind2=" " tag="260"><subfield code="a">Catonsville, Md. :</subfield><subfield code="b">P.G. Stromberg</subfield></datafield><datafield ind1=" " ind2=" " tag="300"><subfield code="a">v.</subfield></datafield><datafield ind1=" " ind2=" " tag="310"><subfield code="a">Weekly</subfield></datafield><datafield ind1="0" ind2=" " tag="362"><subfield code="a">Vol. 58, no. 1 (Mar. 1, 1940)-v. 87, no. 25 (Mar. 27, 1968).</subfield></datafield><datafield ind1=" " ind2=" " tag="752"><subfield code="a">United States</subfield><subfield code="b">Maryland</subfield><subfield code="c">Baltimore</subfield><subfield code="d">Catonsville.</subfield></datafield><datafield ind1="0" ind2="4" tag="780"><subfield code="t">Catonsville herald and Baltimore countian</subfield><subfield code="w">(DLC)sn 88065127</subfield></datafield><datafield ind1="0" ind2="4" tag="780"><subfield code="t">Argus (Catonsville, Md.)</subfield><subfield code="w">(DLC)</subfield><subfield code="w">(DLC)sn 88065083</subfield></datafield><datafield ind1="0" ind2="0" tag="785"><subfield code="t">Catonsville times and herald argus-Baltimore countian</subfield><subfield code="w">(DLC)sn 88065133</subfield></datafield></record>